2321 3355
360 158 472 206 Cael.
522 162 663 210 Nunc
689 177 776 227 age
794 162 937 212 chara
956 159 1089 210 soror
1105 193 1119 215 ,
1153 172 1302 224 tuque
1320 156 1351 207 ὸ
1369 157 1452 224 pia
1470 158 1627 225 Virgo
1642 191 1656 213 ‚
1680 174 1916 209 canamus

374 285 377 287 ‚
620 229 852 277 Carmina
871 244 970 292 quae
988 225 1157 275 Caroli
1178 226 1389 277 Viscera,
1417 229 1611 288 Corque
1629 226 1817 275 dabunt
1833 260 1847 275 .

365 288 509 338 Rom.
551 291 744 342 Viscera
764 310 863 356 quae
881 293 1039 356 pietas
1060 290 1314 338 decorauit
1333 321 1348 343 ,
1376 295 1420 335 &
1441 303 1586 336 aurea
1606 289 1726 338 fecit

625 361 823 408 Fercula
842 390 855 413 ‚
873 357 1013 424 queis
1031 355 1210 421 placidi
1225 354 1353 402 seffio
1371 353 1519 417 Regis
1542 369 1649 402 erat
1668 389 1682 402 .

363 420 496 468 Med.
537 424 640 471 Cor
660 424 818 488 magis
838 425 1042 470 Oceano
1056 421 1234 468 vastum
1251 451 1267 472 ‚
1285 423 1388 466 Cor
1415 418 1574 466 maius
1597 420 1823 483 Olimpo‚

626 490 772 555 Qod
803 491 936 534 Deus
966 483 1198 531 immenso
1221 483 1398 529 lumine
1427 481 1551 530 solus
1578 484 1754 532 habet.

361 550 480 598 Cael.
536 551 730 600 Viscera
750 567 848 613 quae
869 548 1066 598 Christo
1085 548 1268 611 semper
1290 559 1491 610 patuere
1511 579 1525 600 ‚
1557 547 1705 596 beata

621 615 772 678 Ipfius
790 648 804 670 ,
832 630 887 663 ac
912 614 1109 677 inopum
1130 611 1311 675 semper
1329 609 1391 657 ab
1408 610 1616 674 hospitio
1631 647 1642 658 .

361 680 511 728 Roma.-
546 682 679 745 Euge
697 683 799 728 Cor
829 682 879 727 in
898 680 1042 727 terris
1061 677 1242 730 vietor,
1264 678 1487 738 Caeloque
1506 677 1809 742 triumphans
1831 714 1844 728 .

625 745 875 810 Empireas
895 744 1093 809 dignum
1125 742 1245 789 stare
1263 743 1364 789 Cor
1383 741 1512 788 inter
1539 756 1658 805 opes
1677 779 1691 793 .

360 809 493 857 Med.
533 808 730 859 Viscera
747 810 904 858 sanfta
920 842 933 863 ,
952 813 1061 856 Deo
1079 825 1179 872 quae
1199 822 1274 853 me
1309 805 1534 870 genuistis
1556 837 1570 859 ,
1590 813 1634 855 ὃς
1653 809 1775 858 vnde

625 876 729 939 Ipsa
761 889 930 923 renata
959 872 1030 920 fui
1056 871 1273 920 moribus
1303 884 1450 932 atque
1483 869 1575 918 fide
1594 907 1606 919 .

359 940 474 987 Cael.
531 941 739 1007 Qiisque
762 940 843 988 suo
865 944 1067 991 exultet,
1088 937 1264 985 fruitur
1284 951 1381 998 quo
1399 935 1600 998 pignore
1618 971 1637 995 ‚
1653 936 1736 999 qui
1755 940 1865 988 Cor‘

625 1005 820 1053 Viscera
835 1035 849 1056 ,
871 1004 954 1064 qui
977 1009 1020 1048 &
1042 1002 1211 1048 Caroli
1235 1014 1406 1046 caetera
1422 1001 1639 1047 membra
1658 1015 1793 1049 tenet
1810 1040 1823 1053 .

523 1075 752 1130 Namque
771 1084 855 1131 per
873 1068 964 1113 hoc
984 1064 1189 1111 sanctum
1211 1065 1331 1119 Cor,
1353 1061 1580 1125 sacraque
1595 1065 1773 1114 viscera
1797 1069 1905 1118 iuro

619 1133 766 1196 lpfius
802 1130 941 1180 vobis
963 1128 1110 1176 affore
1140 1129 1320 1188 semper
1338 1141 1506 1188 opem.

526 1201 633 1247 Nec
654 1197 933 1244 Mediolano
958 1194 1115 1242 minus
1136 1193 1198 1240 est
1220 1195 1335 1238 data
1354 1190 1512 1254 gloria
1532 1224 1547 1246 ,
1570 1193 1729 1242 Roma

629 1266 832 1311 Munera
854 1260 1042 1320 diuitijs
1070 1258 1248 1306 addere
1268 1269 1408 1303 tanta
1427 1255 1525 1305 tuis
1545 1291 1558 1306 .

740 1371 823 1425 De
846 1373 899 1426 S.
929 1370 979 1424 C
1003 1367 1048 1422 A
1068 1370 1109 1423 R
1127 1371 1175 1421 O
1194 1368 1235 1421 L
1252 1371 1300 1420 O
1320 1404 1334 1419 .
1379 1366 1705 1438 Epigramma
1725 1409 1741 1424 .

597 1449 631 1495 E
649 1463 681 1494 R
705 1463 734 1494 R
754 1462 775 1491 ε
799 1462 828 1490 A
867 1459 967 1506 quae
985 1442 1124 1489 bellis
1144 1440 1387 1490 conflabat
1404 1443 1595 1502 peerora
1611 1444 1769 1492 Roma

675 1511 797 1557 Mite
820 1524 906 1556 cor
927 1538 942 1560 ‚
965 1513 1008 1554 &
1026 1507 1161 1569 pacis
1191 1504 1370 1553 viscera
1387 1504 1563 1552 blanda
1580 1508 1715 1570 capit

490 1575 735 1623 Insubrum
755 1572 1002 1622 Genetrix
1021 1585 1220 1619 aeternae
1243 1585 1439 1616 munera
1459 1573 1642 1618 Romae

624 1644 754 1688 Dum
775 1641 959 1686 Romae
981 1636 1174 1684 offerret
1193 1649 1387 1682 munera
1412 1635 1587 1683 Cordis
1605 1669 1620 1690 ,
1641 1638 1711 1686 ait

498 1706 679 1769 Accipe
707 1708 864 1752 Roma
892 1718 1064 1766 parens
1095 1718 1203 1749 mea
1225 1698 1446 1753 Viscera;
1468 1704 1604 1762 plura
1623 1703 1855 1766 rogabis?

630 1770 765 1833 Qu'd
785 1769 898 1815 dare
918 1770 1024 1830 plus
1045 1767 1226 1828 poterit
1248 1765 1329 1827 qui
1363 1763 1439 1811 sua
1457 1765 1605 1813 corda
1625 1767 1794 1815 dedit?

498 1836 606 1883 Nos
631 1833 803 1881 Caroli
824 1831 967 1879 nostri
988 1835 1176 1893 Caput,
1212 1837 1251 1876 δε
1273 1829 1406 1876 sacra
1424 1830 1644 1878 Membra
1662 1832 1884 1895 sepulcro

621 1899 890 1947 Condimus
906 1928 920 1950 ‚
953 1909 1005 1943 vt
1033 1909 1187 1942 mater
1205 1910 1256 1942 ru
1277 1897 1376 1940 Cor
1395 1900 1438 1941 &
1456 1909 1567 1941 exta
1587 1910 1694 1944 tene
1714 1933 1726 1946 .

497 1965 738 2012 Cardinea
770 1962 951 2026 fulgere
987 1973 1106 2025 toga
1134 1975 1275 2023 quem
1295 1960 1453 2005 Roma
1469 1959 1638 2007 dedisti

624 2033 724 2077 Cor
742 2027 865 2080 tibi,
903 2025 1036 2089 quod
1064 2026 1213 2074 cardo
1231 2024 1294 2071 est
1312 2024 1529 2088 corporis
1551 2026 1631 2071 111e
1650 2024 1798 2074 refert
1817 2063 1829 2074 .

1137 2091 1297 2146 Aliud
1317 2127 1327 2138 .

650 2172 694 2215 V
714 2185 731 2214 1
758 2183 792 2212 D
835 2179 910 2213 ter
926 2179 1098 2228 magne
1113 2177 1248 2212 tuum
1279 2165 1378 2209 Cor
1396 2163 1553 2210 mittis
1575 2166 1751 2212 Carole
1769 2167 1972 2215 Romam
2000 2174 2016 2213 f>

503 2175 620 2301 Q
736 2235 811 2277 An
838 2229 969 2292 quod
996 2228 1151 2277 adhuc
1171 2226 1323 2275 Cordi
1343 2227 1571 2274 Dardana
1590 2232 1746 2276 Roma
1763 2231 1851 2278 tibi
1870 2233 1933 2280 est
1954 2240 1970 2280 ἓ

496 2303 570 2347 An
586 2297 698 2364 quia
716 2310 957 2359 purpureo
977 2293 1165 2340 dederit
1182 2307 1290 2340 cum
1311 2291 1515 2354 syrmate
1534 2292 1691 2355 cingi,

634 2366 703 2409 Tu
723 2359 888 2408 reddis
908 2361 1008 2406 Cor
1025 2373 1116 2420 pro
1143 2373 1336 2405 munere
1353 2371 1643 2420 purpureum
1663 2363 1681 2404 ?

685 2479 982 2552 Madrigali
995 2512 1012 2536 ,
1044 2480 1107 2538 όν
1123 2477 1307 2532 Sonetti
1323 2472 1548 2530 d'incerti
1563 2482 1609 2535 A
1616 2478 1746 2531 utori
1759 2516 1773 2531 .

598 2557 666 2604 E’l
687 2560 787 2603 Cor
806 2553 937 2601 fonte
963 2554 988 2601 ὲ
1017 2553 1244 2599 d’Amore
1265 2583 1279 2604 ,
1299 2566 1418 2599 anco
1437 2552 1727 2615 comprende

503 2641 528 2674 k
682 2624 839 2669 Roma
858 2618 1084 2677 d‘Amore
1102 2618 1137 2664 il
1161 2632 1301 2663 nome
1322 2650 1334 2662 .

506 2687 644 2733 Onde
671 2685 779 2733 chi'l
797 2699 914 2733 vero
932 2683 1124 2730 intende
1142 2715 1159 2739 ‚

500 2754 594 2799 Del
626 2751 764 2799 sacro
787 2753 887 2797 Cor
906 2748 957 2795 di
982 2749 1107 2796 Calo
1134 2747 1162 2794 a
1183 2746 1350 2810 ragion
1368 2744 1532 2808 (dice)

500 2819 539 2863 E
558 2819 713 2863 Roma
741 2829 854 2862 vrna
871 2812 1008 2861 felice
1026 2848 1036 2859 .

504 2880 608 2928 Che
639 2879 793 2944 guisto
812 2878 836 2925 ὲ
866 2878 957 2926 ben
971 2912 988 2936 ‚
1006 2877 1091 2926 che
1111 2893 1201 2926 con
1221 2876 1370 2924 diuini
1391 2877 1563 2926 honori

501 2948 581 2995 Ne
605 2948 652 2992 la
675 2945 813 2992 Citta
838 2942 1068 2991 d'Amore
1086 2960 1146 2992 vu
1166 2945 1266 2990 Cor
1297 2940 1474 2989 s'adori

1910 3015 2058 3059 Sacra
