2321 3355
958 150 1145 210 Aliud.
1824 108 1881 152 ³⁷

439 284 484 333 Ο
503 299 533 332 a
569 281 610 329 C
624 282 666 326 A
681 279 722 328 R
737 276 783 326 Ο
801 277 870 325 LI
901 277 981 327 hic
1001 295 1154 343 paruo
1171 280 1349 329 colitur
1370 280 1451 329 sub
1471 279 1706 347 tegmine,
1727 282 1902 336 adores

308 290 417 404 C
521 344 696 395 Nescio
714 360 827 391 num
845 346 1077 394 Carolum
1099 381 1114 403 ‚
1144 349 1217 394 vel
1236 362 1461 395 venerere
1482 352 1642 396 Deum
1663 381 1676 395 .

307 415 408 462 Cor
435 409 603 460 Christi
619 412 853 462 Carolus,
877 411 1045 458 Caroli
1072 414 1173 459 Cor
1191 411 1436 467 Christus,
1470 426 1520 460 at
1536 413 1615 462 hic
1631 412 1663 462 fi

435 483 594 541 Qem
611 476 798 524 recolas
816 472 967 524 nescis
985 509 1002 534 ‚
1018 478 1210 529 Lector,
1232 491 1489 542 Vtrumque
1508 481 1613 528 cole
1637 512 1652 528 .

903 594 1172 650 Dissichon
1191 635 1208 651 .

413 670 449 716 E
469 684 499 716 c
522 683 551 714 τ
574 683 605 714 o
627 682 658 715 κ
681 683 705 714 ε
744 681 838 714 non
857 665 1016 715 fuerat
1035 670 1204 716 Caroli
1224 673 1326 718 Cor
1341 703 1356 725 ,
1379 674 1481 720 Cor
1499 675 1630 722 Deus
1653 706 1667 730 ,
1684 688 1801 741 ergo

493 736 607 782 Non
629 733 706 780 hic
729 734 830 779 Cor
848 733 1012 780 Caroli
1032 765 1047 786 2
1070 733 1148 781 sed
1171 749 1397 784 venerare
1419 741 1576 785 Deum
1592 772 1606 785 .

863 839 1189 912 Epigramma
1204 878 1220 894 .

428 916 534 969 DE
571 913 864 970 CORDE
904 916 1242 971 SANCTI
1284 916 1662 975 CAROLI.

428 994 469 1038 V
489 1007 520 1039 R
559 989 614 1038 fit
636 986 946 1034 transmissum
969 991 1174 1036 Romam
1196 1022 1211 1043 ‚
1234 991 1264 1036 fi
1286 993 1489 1054 queritis
1514 1026 1528 1047 ,
1549 994 1672 1041 istud

297 997 401 1109 C
505 1057 629 1105 Cor,
654 1068 741 1100 nec
765 1051 1021 1100 visceribus
1042 1054 1267 1102 manserit
1286 1088 1300 1108 ,
1338 1062 1381 1102 δε
1398 1059 1560 1119 patria
1581 1063 1600 1103 ἓ

292 1119 395 1181 Ipse
424 1118 589 1183 coegit
608 1132 744 1164 amor
762 1148 777 1169 ,
805 1117 886 1179 qui
908 1119 1056 1165 Cordi
1077 1121 1272 1167 vulnera
1295 1120 1400 1168 fixit
1415 1153 1432 1174 ,

421 1185 516 1245 Q
537 1182 672 1229 dedit
689 1181 798 1230 huic
836 1184 936 1229 alas
955 1182 1050 1244 ipse
1071 1184 1237 1249 coegit
1258 1200 1396 1233 amor
1412 1220 1427 1234 .

289 1247 505 1295 Christus
527 1263 666 1294 amor
683 1244 774 1292 fuit
791 1275 804 1298 ‚
823 1247 912 1293 huc
928 1248 1048 1295 illud
1093 1249 1246 1297 bonus
1266 1251 1460 1309 impulit
1476 1251 1557 1299 ille
1577 1283 1593 1304 ‚

416 1315 523 1360 Huc
539 1311 665 1360 claui
690 1341 704 1362 ,
728 1315 769 1355 &
789 1309 924 1370 spinae
946 1343 959 1363 ,
977 1313 1069 1361 huc
1097 1316 1262 1362 lancea
1278 1346 1292 1366 ,
1314 1320 1358 1361 ὃ(
1379 1315 1558 1378 effigies
1583 1350 1597 1364 .

285 1377 415 1423 Nam
441 1391 574 1422 mens
593 1408 607 1428 ‚
624 1391 723 1438 quae
745 1372 904 1437 fragili
926 1377 1076 1424 diuisa
1094 1377 1156 1425 est
1175 1394 1382 1439 corpore
1401 1410 1417 1432 ,
1453 1380 1484 1427 fi
1506 1395 1628 1429 nunc

416 1439 630 1488 Pulcrior
659 1439 819 1486 aeterni
849 1441 1081 1504 conspicit
1106 1457 1192 1488 ora
1217 1444 1310 1490 Dei

283 1506 386 1554 Cor
403 1521 459 1551 ne
477 1519 624 1566 putas
643 1504 814 1551 faciem
837 1535 850 1555 ‚
871 1507 1002 1568 quod
1024 1507 1133 1569 saepe
1154 1506 1341 1571 aspexit
1366 1508 1491 1558 lesus

413 1570 624 1634 Longius
659 1568 686 1617 a
715 1569 932 1617 Domino
958 1574 1080 1619 velle
1115 1572 1272 1621 iacere
1298 1573 1379 1621 suo
1404 1579 1422 1620 ἒ

832 1679 1175 1753 Colloquium
1204 1721 1220 1736 .

589 1755 771 1808 Caelum
787 1792 800 1814 ,
835 1759 1013 1828 'qua
1032 1794 1048 1818 ‚
1081 1762 1154 1808 M
1157 1784 1169 1807 ε
1180 1758 1433 1810 dt'olanum
1450 1797 1464 1812 .

148 1827 259 1876 Cael.
427 1832 467 1879 R
491 1847 519 1876 A
542 1846 569 1876 T
590 1847 618 1875 v
647 1845 671 1874 ι.
694 1846 723 1874 o
745 1845 775 1876 R
797 1862 810 1882 ,
845 1831 970 1875 alma
989 1829 1122 1876 soror
1144 1865 1159 1888 ‚
1181 1832 1345 1877 Caroli
1371 1831 1503 1894 quod
1528 1831 1706 1882 viscera
1729 1835 1904 1894 nostri,

280 1836 404 1948 G
474 1897 671 1955 Corque
691 1893 897 1939 habeas:
920 1907 1105 1955 grator,
1131 1895 1239 1957 quis
1262 1896 1351 1942 tibi
1370 1909 1508 1944 tanta
1541 1898 1712 1948 dedit?

148 1961 290 2007 Rom.
326 1964 436 2007 Haec
455 1960 779 2005 Mediolanum
803 1957 937 2003 dedit
953 1959 1139 2019 optima
1169 1958 1267 2006 filia
1290 1960 1430 2008 nobis
1453 1995 1465 2008 .

406 2028 476 2071 Tu
505 2039 593 2085 pro
612 2039 686 2069 me
703 2054 717 2074 ‚
744 2024 920 2069 Caelum
936 2054 949 2075 ,
970 2039 1163 2070 munera
1183 2024 1329 2088 digna
1348 2026 1475 2073 refer
1496 2060 1509 2074 .

142 2089 275 2138 Med.
329 2089 521 2138 Viscera
538 2086 796 2135 visceribus
817 2117 829 2137 ‚
849 2103 932 2133 cor
952 2088 1116 2139 cordi,
1136 2104 1274 2134 amor
1292 2092 1435 2137 alteri
1468 2093 1624 2141 amori

399 2152 639 2201 Redditur
659 2169 669 2196 ε
702 2153 797 2198 haec
813 2150 966 2197 reddo
981 2183 993 2203 ‚
1015 2167 1106 2197 non
1125 2152 1215 2198 tibi
1232 2153 1368 2215 dono
1386 2186 1399 2206 ,
1418 2169 1593 2215 parens
1616 2196 1632 2208 .

137 2220 252 2265 Cael.
310 2223 412 2266 Iam
441 2215 705 2264 Mediolani
736 2230 847 2261 vero
873 2228 921 2261 te
939 2217 1129 2263 nomine
1157 2216 1318 2266 dicam
1341 2236 1354 2272 ς

402 2289 514 2348 Qae
544 2280 753 2328 mediam
774 2280 956 2333 lanias,
990 2295 1037 2327 te
1060 2313 1074 2334 ,
1106 2283 1409 2345 mediamque
1430 2282 1591 2336 secas.

137 2347 278 2396 Rom.
314 2350 519 2396 Centum
539 2362 630 2392 non
649 2346 792 2392 matri
812 2344 985 2409 genitae-
1004 2363 1016 2399 3
1040 2363 1203 2394 verum
1223 2348 1448 2395 omnibus
1466 2351 1562 2401 illis

396 2411 471 2459 Est
501 2410 618 2458 satis
643 2425 735 2456 vna
765 2424 936 2471 parens
963 2427 973 2455 z
1012 2423 1063 2456 tu
1082 2410 1198 2458 satis
1225 2429 1314 2460 vna
1334 2413 1484 2461 mihi.
1555 2431 1559 2434 ·

132 2475 266 2523 Med.
313 2475 605 2542 Qomodo,
630 2474 775 2522 chara
803 2473 895 2519 tibi
926 2488 1091 2538 grates
1112 2492 1204 2541 ego
1223 2508 1236 2528 ‚
1272 2480 1424 2525 Roma
1444 2511 1457 2531 ‚
1486 2478 1714 2532 referrem
1739 2514 1756 2540 ‚

397 2547 510 2605 Qae
539 2552 678 2600 patre
699 2554 774 2585 me
792 2550 931 2584 tanto
951 2537 1124 2587 feceris
1141 2540 1227 2588 effe
1254 2542 1435 2589 satam?

131 2606 245 2652 cael.
299 2608 346 2654 O
380 2605 706 2652 Mediolanum
727 2635 740 2656 ‚
762 2615 898 2650 tanto
915 2617 1055 2665 patre
1074 2604 1169 2652 filia
1186 2605 1359 2671 digna:

393 2672 438 2717 O
458 2681 596 2730 pater
623 2673 664 2714 &
688 2681 803 2714 nata
826 2680 879 2713 tu
901 2684 1091 2731 quoque
1118 2670 1258 2733 digne
1283 2685 1393 2719 tua.

133 2736 275 2782 Rom.
313 2734 358 2782 si
378 2734 590 2795 reliquas
608 2748 697 2796 ego
717 2732 863 2781 corde
881 2765 896 2785 ‚
917 2732 1018 2780 fero
1038 2764 1052 2785 2
1074 2750 1180 2782 mea
1205 2735 1411 2799 pignora
1429 2769 1444 2791 2
1481 2752 1650 2790 natus:

392 2801 460 2845 Te
478 2798 621 2845 corde
639 2796 738 2860 ipsa
767 2796 933 2850 simul,
955 2797 1301 2864 visceribusque
1324 2799 1475 2850 feram
1493 2839 1505 2850 .

130 2863 256 2913 Med.
300 2864 427 2912 Hinc
456 2862 632 2924 duplex
649 2862 767 2909 mihi
787 2862 983 2924 quaestus
1010 2864 1134 2910 erit:
1169 2869 1282 2927 quia
1300 2866 1480 2916 viscera
1501 2885 1684 2937 corque

383 2927 559 2978 Matris
577 2927 722 2977 corde
750 2927 906 2992 patris
925 2959 940 2982 ,
959 2926 1306 2996 visceribusque
1327 2934 1490 2983 lucror
1510 2968 1524 2983 .

1368 3001 1411 3047 C
1694 3001 1809 3051 Cael.
