2321 3355
282 183 285 185 ·
346 146 464 210 Ne}
481 153 626 208 terz'o
644 141 800 213 Arcb,
819 142 992 202 vicino
1010 141 1455 206 aliAmbasciatbr
1478 149 1752 210 Cattolico
1823 108 1880 209 ²?

611 283 695 333 Vn
724 271 927 350 Ct'JJreffb
958 275 1169 348 tagliato
1196 276 1252 330 in
1279 275 1536 349 vn'Isbla.

420 410 537 453 Puer
555 433 570 455 ‚
603 405 648 450 δι
679 416 842 450 ramos
866 400 995 450 ferro
1020 403 1220 452 concide
1252 405 1463 467 cupressi

481 464 694 520 Arescit‚
728 471 891 514 Craetae
926 467 1005 516 sed
1032 482 1192 517 tamen
1219 471 1312 518 ista
1346 473 1472 520 viret
1490 507 1502 520 .

305 537 408 584 Cor
439 533 624 595 rapitur
656 531 789 580 sacro
821 535 1071 581 Borromei
1091 533 1326 598 ἐρεᾶοῑε
1347 569 1364 591 ,
1390 543 1433 585 &
1458 536 1596 585 ardet

436 599 549 644 Non
577 610 710 650 aret,
746 597 917 647 credas
950 600 1060 664 igne
1092 600 1286 649 virescit
1305 616 1445 650 amor
1464 637 1477 650 .

300 659 348 708 si
385 660 556 725 patriae
590 663 720 710 Iouis
748 662 840 710 hoc
877 662 1061 709 tribuas
1091 665 1223 724 quod
1241 665 1356 714 caesa.
1390 666 1638 732 resurgat,

432 725 630 776 Dicitur
666 739 719 776 at
749 727 918 791 quanti
955 729 1162 776 Carossns
1199 728 1287 776 effe
1320 733 1450 777 Dei?

1059 793 1321 842 Ludoutcus
1343 796 1593 844 Deuillaeus
1613 800 1776 847 Gallus
1791 836 1803 848 .

355 941 438 992 Vn
459 934 614 992 anello
634 951 716 987 con
738 933 788 987 la
809 933 971 1004 pietra
983 934 1146 1004 piana
1155 968 1171 996 ‚
1185 954 1386 1008 gemma
1405 937 1459 992 di
1479 939 1622 992 Pirro
1637 942 1710 993 Re
1733 978 1750 994 .

426 1055 451 1098 S
472 1066 497 1098 1²
518 1068 536 1098 1
564 1067 592 1098 c
620 1064 643 1096 ε
681 1062 930 1113 gemmato
964 1050 1221 1114 pinguntur
1245 1052 1292 1099 in
1314 1053 1431 1100 orbe
1455 1052 1643 1103 sorores

522 1120 655 1163 Vnus
683 1126 757 1160 ter
777 1127 964 1161 ternum
986 1115 1122 1162 ducit
1156 1119 1336 1179 Apolio
1357 1118 1557 1166 chorum
1577 1154 1591 1166 .

297 1181 458 1227 Maius
477 1194 598 1240 opus
638 1178 796 1242 pingis
824 1182 1112 1235 Borromee3
1143 1195 1194 1228 vt
1219 1183 1411 1246 pingere
1431 1186 1582 1245 posses

304 1298 306 1300 Ι
436 1244 646 1307 Agmina
665 1245 898 1290 virtutum
915 1244 936 1299 ⁴,
962 1247 1063 1290 Cor
1084 1245 1175 1291 tibi
1195 1262 1387 1309 gemma
1409 1248 1502 1295 fuit
1523 1281 1536 1295 .

294 1308 401 1354 Hae
424 1306 558 1353 musae
585 1307 759 1353 fuerint
779 1340 791 1352 .
822 1308 1010 1354 medius
1039 1324 1095 1354 ne
1130 1309 1246 1356 defit
1275 1312 1480 1373 Apollo,

425 1371 558 1432 Qid
579 1384 721 1435 potes
751 1370 800 1417 in
823 1386 1016 1437 gemma
1045 1372 1240 1437 pingere
1269 1378 1286 1420 ?
1320 1375 1464 1440 pinge
1486 1378 1645 1424 Deum
1666 1411 1678 1424 .

441 1465 444 1468 -
1070 1442 1303 1488 Horatius
1321 1443 1386 1489 M
1390 1439 1487 1505 cssa
1512 1442 1764 1507 Speclienfis
1778 1477 1794 1494 .

463 1582 711 1633 Prome‘teo
729 1617 745 1643 ,
766 1578 847 1632 che
866 1579 1101 1635 accendea
1118 1586 1224 1635 vna
1240 1581 1395 1636 torcia
1412 1578 1467 1636 al
1483 1584 1588 1639 Sole
1603 1625 1620 1641 .

418 1698 455 1742 B
476 1710 494 1742 s
514 1712 542 1742 τ
563 1715 590 1745 v
610 1713 636 1743 1.
657 1714 674 1744 1
692 1711 721 1741 τ
760 1693 784 1743 ὲ
805 1694 983 1758 superiS
1017 1695 1201 1761 ingenti
1236 1698 1381 1747 corde
1410 1703 1690 1749 Prometeus

290 1700 414 1815 Α
517 1763 815 1818 Flammam,
843 1777 938 1824 qua
973 1777 1158 1809 mutum
1195 1763 1354 1811 viuere
1375 1763 1512 1811 iussit
1538 1781 1660 1829 opus
1678 1800 1692 1814 .

293 1826 488 1873 Pectora
522 1825 832 1873 Romulidum
871 1826 997 1873 vid-it
1025 1829 1131 1873 niue
1162 1830 1319 1875 Roma
1350 1829 1528 1893 rigenti

416 1891 721 1956 Frigidiora:
759 1889 903 1937 aliam
939 1889 1116 1938 sustulit
1147 1906 1250 1939 arte
1276 1891 1432 1941 facem

286 1954 474 2001 Pefiore
514 1970 622 2001 nam
651 1954 817 2003 Caroli
845 1956 951 2001 Cor
978 1955 1042 2002 est
1075 1954 1238 2003 furata
1262 1973 1276 2011 ;
1307 1956 1499 2007 suorum

418 2019 615 2084 Frigida
637 2034 732 2084 qua
753 2016 902 2082 posset
928 2019 1076 2068 corda
1097 2020 1310 2069 animare
1337 2021 1441 2073 face
1464 2058 1478 2071 .

1033 2084 1273 2148 Philippus
1289 2090 1480 2136 Brauus
1499 2091 1557 2138 H
1557 2086 1745 2153 ispanus
1760 2126 1772 2139 .

685 2227 761 2279 la
777 2222 1097 2292 Destrittione
1115 2222 1329 2280 d'ltalia
1341 2266 1358 2284 .

378 2341 464 2388 TA
488 2357 511 2388 ι
533 2358 552 2389 1
579 2357 608 2388 A
631 2357 664 2387 M
701 2340 900 2404 liquidis
923 2338 1136 2390 describe
1170 2342 1418 2391 coloribus
1441 2361 1453 2390 ε
1488 2344 1623 2393 illam

287 2349 344 2458 Ι
454 2406 662 2454 Humani
692 2404 855 2452 formae
889 2406 1111 2468 corporis
1145 2406 1383 2456 assimila.

283 2469 509 2534 Oppida,
540 2485 679 2523 rura,
702 2470 875 2516 domus
894 2502 908 2521 ‚
937 2472 1081 2518 tellus
1102 2470 1236 2519 fimul
1254 2488 1414 2535 aequor
1430 2505 1444 2526 ‚
1469 2477 1513 2519 &
1529 2488 1611 2522 aer
1626 2505 1642 2528 ‚

409 2538 524 2583 Sunt
543 2535 759 2583 membra
791 2534 938 2581 ltaliae
968 2547 1139 2583 caetera
1160 2566 1175 2588 ‚
1207 2539 1363 2585 Roma
1391 2553 1478 2586 cor
1495 2537 1592 2587 est.

277 2597 353 2648 Sic
383 2608 443 2646 ω’·
475 2613 710 2646 terrarum
729 2631 744 2653 ,
775 2616 874 2661 quae
893 2614 978 2648 cor
1007 2599 1070 2648 est
1101 2601 1269 2655 orbis;
1298 2618 1350 2649 es
1368 2603 1512 2651 Vrbis

408 2665 585 2711 Carole
617 2666 717 2712 Cor
736 2695 749 2716 ‚
782 2663 938 2712 sedem
992 2666 1155 2714 cordis
1183 2666 1231 2713 in
1260 2667 1373 2714 vrbe
1399 2670 1510 2716 loca

276 2727 390 2777 Non
408 2728 583 2776 etenim
605 2728 678 2778 fas
701 2727 764 2776 est
787 2730 989 2778 Romam
1008 2763 1023 2785 ,
1061 2747 1161 2794 quae
1188 2732 1349 2780 cordis
1377 2732 1542 2799 imago

404 2792 614 2844 Vrbibus
645 2794 711 2844 est
738 2794 937 2861 reliquis
960 2827 975 2848 ‚
993 2796 1155 2844 Corde
1193 2812 1357 2845 carere
1389 2796 1472 2847 suo
1494 2832 1509 2845 .

930 2863 1202 2913 Dommicus
1219 2861 1418 2914 Tomaeus
1435 2864 1699 2926 Rpt'nanus
1713 2869 1733 2918 .’

1442 2996 1480 3046 Β
1543 3010 1578 3053 4
1730 3002 1831 3052 Nes
