2321 3355
1741 89 1805 132 47

357 147 598 197 Afflatum
618 137 827 193 aetherssea
846 134 1132 199 vaniviinpia
1149 137 1511 201 gaudia'mundi

314 243 320 248 -
349 203 805 262 illecebras->carnis
823 233 836 255 ‚
855 201 1079 250 tenebras
1101 201 1236 265 quod
1256 204 1460 266 fugabat
1477 203 1664 251 Auerni

359 282 383 328 Ι
400 280 438 325 E
459 282 484 324 S
504 280 547 323 V
579 274 758 319 haerens
774 267 847 315 illi
864 300 879 322 ‚
901 266 985 330 qui
1001 279 1168 315 nectar
1184 267 1396 330 porrigit
1417 272 1461 314 δι
1476 269 1553 317 lac

368 341 512 390 Casto
527 340 575 384 in
592 336 730 385 fonte
751 347 966 396 coquens
985 332 1162 380 christi
1182 331 1468 381 admirabile
1484 331 1648 396 fulgur

362 402 641 466 Rumpebat
666 399 866 448 nebulas
885 413 1054 447 omnes
1070 410 1217 461 atque
1238 412 1414 446 aureus
1436 410 1490 446 vt
1503 400 1588 446 Sol

293 490 308 493 2
363 467 579 519 lucebat
600 467 700 515 iam
717 465 878 513 victor
889 480 1046 523 ouans·
1064 496 1079 518 ‚
1110 479 1165 512 vt
1183 463 1392 512 amabile
1412 461 1581 511 Dauid.

362 535 517 582 Diues
539 533 722 580 amoris
743 544 849 579 erat
869 563 882 584 ‚
905 536 949 577 &
969 529 1143 579 christi
1158 530 1251 578 hoc
1268 527 1418 576 obuia
1434 543 1562 576 nexu
1595 572 1598 576 .

359 601 573 648 Vulnera
595 596 858 665 stringebat
875 630 893 656 ‚
915 594 1124 645 sumeret
1139 595 1262 644 vnde
1280 593 1443 643 cibum
1459 627 1474 645 .

166 732 314 780 Lineae
333 730 573 796 ascendens
592 729 652 785 ἐφ’
665 728 931 792 defi-endem
941 740 1028 794 per
1042 729 1165 777 latus
1182 729 1405 776 dextrum
1421 725 1482 781 ἐς·
1490 723 1752 788 finiflrum
1773 759 1788 773 .

360 864 586 909 Erectum
606 859 864 910 thimiama
876 855 1091 906 Tonanti
1107 890 1125 914 ‚
1155 854 1319 903 nobile
1338 853 1417 903 seu
1447 854 1561 902 thus

356 925 701 986 Succensusque
722 922 1045 987 rogus‚rubus
1066 933 1212 983 atque
1230 919 1446 970 ardentls
1467 918 1655 984 olympi
1672 949 1689 974 ,

360 996 511 1038 Ianua
536 1005 634 1051 qua
652 988 787 1049 cepit
802 1001 1004 1033 munera
1022 988 1179 1032 multa
1197 985 1320 1033 Dei.
1716 999 1718 1002 ’

357 1056 517 1103 Nauis
539 1060 584 1101 &
605 1053 665 1101 ad
684 1064 878 1115 portum
899 1049 1130 1098 Numinis
1145 1063 1255 1098 acta
1274 1065 1419 1098 manu
1436 1083 1473 1100 ..
1509 1078 1529 1079 ν’

359 1125 457 1169 Ver
477 1119 558 1167 vbi
577 1129 868 1181 perpetuum
885 1117 988 1180 egit
1007 1119 1163 1162 Amor
1182 1145 1197 1167 ,
1213 1113 1406 1162 caelestis
1422 1127 1473 1162 vt
1487 1112 1608 1163 hosti

362 1183 593 1232 Instaribi
612 1183 697 1231 effe
715 1195 860 1247 putes
875 1214 891 1237 ‚
911 1179 1392 1246 verosqueexurgere
1408 1180 1553 1229 flores
1571 1214 1591 1228 ,γ

97 1315 245 1363 Lineae
260 1291 529 1378 tranfitetfi
540 1313 600 1369 ὼ
615 1330 712 1378 quae
727 1315 779 1362 in
794 1314 959 1363 Crucis
961 1313 1162 1378 speciem
1177 1313 1276 1374 fis?
1294 1311 1564 1378 contingunt
1581 1312 1822 1376 quinquies
1837 1341 1861 1367 ‚‚

518 1415 521 1417 -
600 1381 757 1444 sexies
785 1379 846 1434 ὠ·
861 1380 1119 1442 aliquando
1134 1377 1269 1427 ob't't‘es
1284 1409 1296 1422 .
1856 1407 1860 1413 .

353 1510 556 1559 Nardus
569 1508 721 1559 odore
741 1512 930 1575 replens
948 1524 1119 1559 caetera
1135 1506 1351 1557 membra
1372 1507 1456 1555 suo
1474 1542 1489 1556 .

363 1581 599 1640 Organon
616 1577 662 1622 in
684 1577 845 1624 neruis
864 1577 996 1637 quod
1014 1576 1132 1622 bene
1146 1585 1316 1622 cantat
1349 1573 1539 1624 adhuc.

356 1644 494 1686 Intus
512 1641 629 1685 arsit
652 1640 731 1684 vbi
753 1641 1153 1686 Christus'amore
1175 1638 1257 1685 suo
1274 1671 1288 1684 .

361 1706 562 1752 Oceano
580 1702 738 1751 maius
760 1702 1079 1766 stelliferaque
1099 1704 1242 1768 plaga
1265 1737 1277 1750 .

357 1768 552 1830 Nuptiae
570 1770 767 1815 Amoris
786 1768 894 1822 vbi,
914 1769 1097 1816 Christe
1111 1800 1125 1821 ,
1145 1767 1279 1815 fuere
1300 1767 1379 1823 tui,
1394 1799 1411 1815 .
1437 1823 1439 1826 .

354 1832 573 1898 Angelici
589 1828 791 1895 compar
814 1833 863 1879 in
885 1832 1071 1894 pietate
1089 1832 1225 1881 chori
1245 1865 1258 1878 .

358 1897 624 1959 Inuigilans
642 1897 805 1943 somno
819 1897 1035 1944 membra
1058 1899 1241 1961 ligante
1260 1929 1274 1950 ‚
1294 1909 1459 1945 tamen
1476 1932 1489 1946 ε.

354 1962 572 2015 Nablion
586 1960 727 2024 vsque
746 1965 899 2010 melos
916 1960 1073 2009 edidit
1090 1962 1213 2008 vnde
1228 1965 1338 2010 Deo
1355 1997 1369 2011 .

358 2024 985 2087 Ostia'qua'merces‘multa
1004 2040 1200 2087 recepta
1220 2027 1321 2087 poli
1343 2061 1357 2075 .

354 2096 487 2138 Inter
507 2105 640 2138 terrae
657 2094 826 2152 epulas
847 2106 1047 2152 pauper,
1066 2090 1298 2154 egensque
1314 2091 1445 2139 cibo.

224 2157 561 2218 Tranquillum
580 2156 737 2203 ventis
754 2188 768 2209 ,
788 2157 1078 2217 niueumque
1102 2154 1375 2202 furentibus
1391 2170 1556 2217 aequor
1572 2189 1592 2211 a

220 2224 351 2269 Rara
376 2221 521 2268 arbos
542 2251 557 2273 ,
575 2236 717 2267 verus
737 2236 883 2282 quarn
899 2220 946 2266 in
962 2220 1003 2265 se
1018 2220 1242 2268 vertebat
1260 2221 1533 2267 amanssol

219 2288 566 2350 Ignealampas
586 2285 666 2332 vbi
683 2285 813 2333 haud
830 2300 1040 2346 vnquam
1060 2283 1237 2332 defecit
1250 2285 1436 2332 oliuum
1455 2319 1468 2331 .

220 2352 469 2414 Myrrham
490 2349 722 2397 distillans
738 2382 752 2403 ,
779 2350 1004 2397 redolens
1020 2354 1063 2395 &
1080 2349 1261 2397 amoris
1281 2364 1507 2399 amomo.

216 2420 355 2463 Vena
370 2414 650 2462 indeficiens
668 2446 681 2466 ,
704 2419 746 2459 &
766 2415 910 2475 pleno
927 2413 1071 2475 copia
1091 2429 1241 2463 cornu
1266 2450 1280 2464 .

216 2480 439 2540 Vndique
454 2478 512 2524 de
532 2479 647 2526 caelo
667 2476 901 2538 sapientia
921 2490 1112 2524 texerat
1131 2478 1252 2525 illud
1396 2516 1400 2519 ,
1580 2518 1602 2525 ,.

217 2550 319 2592 Ara
342 2576 354 2596 ,
378 2543 602 2605 perennis
624 2542 704 2590 vbi
723 2541 851 2606 ignis
867 2555 971 2589 erat
987 2574 1000 2596 ‚
1020 2543 1293 2606 caelesteque
1313 2545 1474 2592 lumen
1496 2575 1510 2592 0
1568 2541 1570 2543 ’

219 2609 432 2657 Nimbus
450 2607 511 2655 ab
528 2623 757 2670 empyreo
777 2620 913 2654 totus
930 2606 1225 2670 liquefactus
1246 2625 1412 2657 amore
1430 2643 1442 2655 .

218 2675 505 2735 Exemplum
525 2686 685 2720 totum
706 2671 936 2734 quicquid
952 2705 966 2725 ,
1001 2673 1277 2719 venerabile
1292 2673 1523 2736 quicquid
1541 2707 1558 2724 ο

357 2737 681 2800 Resplendens
704 2736 895 2784 meritis
911 2770 924 2790 ,
948 2736 1224 2799 fidereoque
1243 2738 1397 2802 gradu
1415 2772 1428 2786 .

219 2803 416 2852 Vermis
439 2817 546 2851 erat
566 2835 580 2856 ,
599 2818 743 2864 quem
762 2800 875 2863 saepe
892 2801 970 2849 via
990 2801 1112 2863 pede
1129 2803 1291 2851 calcat
1306 2817 1503 2853 arator.

215 2869 378 2916 Radix
400 2868 523 2915 vnde
543 2868 709 2931 vigens
732 2866 843 2913 sein
860 2869 1022 2914 caelum
1044 2865 1223 2914 sustulit
1239 2867 1385 2917 arbor

219 2939 346 2983 Aere
361 2932 455 2983 fuit
471 2932 609 2996 vitiJs
636 2963 652 2987 ,
672 2931 815 2983 foedis
832 2938 875 2983 δι
892 2931 1142 2983 amoribus
1169 2931 1359 3000 asprum
1374 2967 1390 2984 .
1608 2999 1678 3052 W

1605 3024 1622 3050 a
1661 3014 1770 3051 ltn-
