2321 3355
434 145 438 149 ”
499 145 503 149 “
527 141 577 194 V
577 137 612 189 n
633 126 782 189 Cuoie
795 131 928 187 alat‘o
940 126 960 196 3
991 130 1076 186 che
1105 127 1293 188 volaria
1321 129 1379 189 a!
1405 132 1567 194 Cielol
1795 89 1856 128 η

228 268 374 318 Viam
397 264 740 318 mandatorum
769 278 963 314 tuorum
989 266 1185 314 cucurri
1204 282 1313 315 cum
1333 266 1546 318 dilatasti
1563 282 1650 317 cor
1667 283 1856 318 meum.

910 334 951 378 P
975 331 1033 378 al.
1056 338 1162 378 118.

293 404 329 449 E
348 419 376 449 R
398 418 427 448 R
458 416 487 445 A
527 398 628 444 Cor
665 331 1181 462 angustum,stardum
1202 428 1214 450 ‚
1251 402 1295 445 &
1325 397 1545 448 terrestre
1572 401 1765 450 creauit
1777 434 1793 457 ,

304 465 516 526 'Spiritus
555 461 805 524 augustum
843 461 1035 520 reddit,
1077 468 1121 509 &
1155 464 1467 527 aligerum-2.
1666 471 1669 472 ’

163 532 275 578 Haec
311 532 351 576 C
373 533 417 575 A
435 530 475 574 R
495 527 541 573 O
564 529 597 573 L
620 529 666 574 O
703 525 802 576 sors
833 529 941 575 laeta
969 526 1096 580 fuit,
1133 528 1218 590 qui
1248 528 1296 574 in
1325 529 1475 578 corde
1509 530 1751 580 caducum

289 594 374 641 Nil
409 590 581 640 habuit
615 592 743 640 Coeli
782 592 938 640 diuite
970 591 1157 655 semper
1183 609 1332 654 opum
1353 629 1366 642 .

164 662 392 720 Namque
428 656 477 704 in
511 658 618 720 lege
656 658 790 709 Dei,
824 657 1089 704 vehemens.
1124 658 1260 703 velut
1302 673 1422 705 aura
1451 660 1668 710 cucurrit

290 725 390 770 Lex
434 722 679 787 quadriga
718 722 813 769 fuit
834 752 849 774 ,
883 719 1047 768 abfida
1080 720 1244 769 iunxit
1271 727 1459 772 Amor.

237 852 321 903 Vn
347 842 714 914 Cuoresaettato
726 846 814 898 dal
829 846 958 900 Cielo
972 883 988 909 ,
1021 846 1104 899 che
1120 845 1292 899 tiraua
1305 847 1414 915 fico
1427 849 1570 903 molti
1587 853 1734 905 Cuori
1745 848 1768 907 .-’

305 925 327 968 Ι
353 939 386 968 M
426 920 666 984 magnetis
687 918 835 967 habet
868 923 966 967 CA
985 922 1026 968 R
1046 920 1177 967 OLI
1213 922 1375 970 COR
1409 923 1622 974 amabile
1639 953 1656 979 ‚
1681 924 1814 990 quod
1841 926 1919 976 vel
1945 957 1948 960 ,

158 928 288 1041 V
326 990 505 1036 Ferrea
545 984 695 1032 corda
726 988 835 1032 Deo
869 984 1067 1033 suscitat
1097 1015 1113 1037 ‚
1146 999 1297 1048 atque
1315 988 1506 1036 trahit?

157 1052 289 1099 Num
323 1050 442 1113 quia
469 1048 629 1096 diuini
661 1049 942 1113 pharetram
976 1050 1105 1113 gerit
1135 1050 1257 1097 illud
1285 1052 1520 1108 Amoris,

293 1117 415 1164 Tela
449 1114 583 1177 quod
615 1114 717 1179 ipse
746 1114 974 1178 frequens
1008 1114 1089 1163 hic
1113 1112 1195 1163 sua
1226 1113 1337 1164 fixit
1366 1121 1559 1166 Amor?

351 1244 434 1294 Vn
460 1239 654 1293 Soldato
679 1257 763 1290 con
795 1257 872 1291 vn
902 1243 1054 1292 Cuore
1074 1239 1309 1307 pendente
1336 1241 1393 1292 al
1411 1255 1544 1311 petto
1558 1279 1575 1297 .

286 1313 381 1361 On
405 1341 419 1363 ,
456 1311 589 1373 quod
624 1310 675 1356 in
713 1325 894 1359 arcano
930 1311 1157 1360 seruabat
1189 1313 1401 1374 pedoris
1434 1316 1552 1362 Ales
1572 1347 1589 1369 ,

307 1376 516 1423 Feruida
551 1390 677 1423 nunc
706 1373 837 1423 intra
869 1377 1069 1437 peaora
1102 1375 1244 1424 miles
1277 1376 1451 1427 habet.

156 1442 360 1491 Credita
400 1442 449 1488 in
481 1441 573 1490 hoc
601 1442 756 1489 virtus
791 1439 1106 1489 succrescrere
1139 1441 1301 1490 maior
1334 1477 1350 1500 ,
1397 1449 1442 1491 &
1475 1445 1605 1494 vltro

292 1507 485 1553 Fortior
522 1504 702 1553 armati
737 1504 912 1553 militis
948 1505 1034 1554 esse
1072 1522 1280 1554 manus.

154 1571 311 1620 Sistite
341 1570 541 1617 fallaces
582 1570 727 1617 rebus
765 1571 828 1618 fic
855 1569 1005 1619 fidere
1034 1571 1233 1620 vestris.

291 1635 508 1702 Qsque
538 1634 620 1682 sub
652 1637 745 1683 hoc
779 1630 1090 1684 CAROLI
1126 1636 1286 1699 praelia
1320 1639 1483 1688 Corde
1516 1654 1690 1704 gerat.

154 1701 347 1762 Nempe
384 1703 484 1748 Cor
518 1700 610 1748 hoc
642 1702 863 1750 Romane
895 1699 1031 1750 ferox
1066 1700 1148 1748 sub
1181 1704 1379 1765 peetora
1407 1708 1597 1754 conde,

283 1768 414 1815 Nam
448 1767 553 1813 Cor
579 1764 731 1813 habes
755 1800 770 1823 ‚
805 1781 904 1829 quo
934 1782 1043 1814 cum
1075 1766 1254 1815 fortior
1286 1767 1371 1815 esse
1407 1783 1579 1831 potes.

933 1836 1209 1881 Honoratus
1243 1835 1416 1882 Cairus
1445 1838 1514 1884 M
1515 1835 1757 1899 atfiliensts
1769 1871 1785 1886 .

309 1943 425 1995 Vna
455 1936 574 2007 fide
600 1938 654 1992 di
682 1939 812 2010 {hosta
838 1978 853 2002 ‚
904 1941 1002 1994 cio?
1034 1939 1257 2004 l'anello,
1293 1941 1376 1995 che
1406 1942 1474 1997 bd
1501 1942 1594 1999 due
1624 1947 1767 1999 mani

737 2017 789 2068 in
819 2016 953 2088 luogo
986 2016 1039 2069 di
1074 2019 1286 2088 piena-2
1306 2056 1323 2072 .

303 2090 338 2134 E
361 2106 389 2134 x
409 2104 436 2135 τ
455 2105 485 2135 R
507 2104 566 2132 ΑΕ
606 2086 809 2135 dextera
836 2089 1057 2150 iungitur
1087 2091 1345 2138 duorum-2

321 2152 462 2199 Fides
494 2166 640 2198 aurea
667 2151 848 2203 corda,
883 2151 996 2198 dum
1031 2152 1263 2201 maritat.

283 2220 354 2265 En
385 2218 593 2263 Romam
632 2215 716 2263 fibi
755 2219 796 2263 C
811 2219 854 2262 A
872 2218 914 2265 R
931 2218 977 2264 O
998 2220 1032 2264 L
1051 2223 1092 2266 V
1110 2222 1136 2264 S
1172 2216 1379 2267 maritat
1398 2252 1412 2267 .

286 2280 453 2329 Fidem
488 2280 562 2330 vis
595 2280 687 2329 tibi
723 2283 925 2330 Roma?
961 2287 1063 2330 Cor
1095 2282 1279 2329 habeto
1300 2315 1314 2330 .

611 2368 613 2370 ’
907 2352 950 2396 V
951 2351 1175 2397 tncentius
1202 2347 1490 2397 Cittadellius
1513 2352 1728 2415 Lucensts
1745 2386 1759 2402 .

311 2459 392 2511 Vn
422 2454 528 2509 Sole
567 2456 619 2510 in
645 2471 785 2509 mezo
810 2453 865 2507 al
889 2456 1017 2508 Cielo
1032 2455 1181 2526 fhpra
1207 2457 1248 2509 il
1259 2455 1353 2525 fico
1380 2457 1589 2513 Zodiaco
1615 2498 1634 2525 ,
1666 2479 1750 2514 con

767 2529 933 2583 alcuni
959 2530 1071 2598 sttoi
1107 2532 1286 2604 segni.

252 2604 300 2649 N
323 2618 340 2648 s
364 2620 392 2649 τ
414 2621 444 2648 A
467 2622 499 2652 n
537 2602 700 2650 cordis
735 2602 783 2649 in
822 2602 957 2651 Orbe
995 2607 1072 2653 Sol
1104 2620 1300 2655 rotatur
1318 2638 1335 2662 ,

263 2668 447 2715 Blando
479 2669 664 2732 singula
694 2682 972 2730 temperans
1008 2672 1202 2718 calore,
1226 2707 1240 2720 .

282 2734 352 2780 En
388 2732 563 2781 ardens
598 2731 679 2795 sua
718 2733 884 2781 Corda
915 2734 1068 2783 donat
1099 2735 1222 2784 Vrbi

284 2796 417 2844 Sacri
450 2801 492 2845 C
508 2802 551 2844 A
573 2802 611 2846 R
629 2799 675 2845 Ο
690 2800 724 2845 L
741 2803 784 2846 V
802 2803 828 2846 S
866 2798 946 2846 ille
976 2798 1083 2848 fons
1119 2800 1301 2849 caloris
1318 2834 1332 2849 .

264 2861 433 2911 >Instar
470 2862 600 2913 Solis
635 2862 847 2913 in·Vrbe
879 2867 981 2912 Cor
1012 2878 1237 2914 rotatur.
1495 2920 1498 2923 ,
1552 2918 1556 2923 J

902 2931 1221 2997 Hieronymus
1249 2935 1294 2985 V
1294 2929 1477 3000 erospus
1501 2934 1745 2986 Romanus
1765 2969 1781 2986 .

1654 3005 1846 3051 Dentre
